@article{poz1,
  author    = {Nazwisko I. and Nazwisko I.},
  title     = {Tytuł cytowanego artykułu},
  journal   = {Nazwa Czasopisma},
  year      = {2008},
  volume    = {10},
  pages     = {142--149}
}

@book{poz2,
  author    = {Nazwisko I. and Nazwisko I.},
  title     = {Tytuł książki},
  edition   = {wydanie pierwsze},
  publisher = {Wydawnictwo Nazwa},
  address   = {Miasto, Kraj},
  year      = {2008}
}

@incollection{poz3,
  author    = {Nazwisko I.},
  title     = {Tytuł cytowanego rozdziału/fragmentu},
  booktitle = {Tytuł książki},
  editor    = {NazwiskoWydawcy1, I.},
  publisher = {Wydawnictwo Nazwa},
  address   = {Miasto, Kraj},
  year      = {2008},
  pages     = {142--149}
}

@conference{poz4,
  author    = {Nazwisko I. and Nazwisko I.},
  title     = {Tytuł prezentacji},
  booktitle = {Nazwa Konferencji},
  address   = {Miasto, Kraj},
  year      = {Data Konferencji},
  pages     = {142--149}
}

@misc{poz5,
  title     = {Tytuł strony internetowej},
  note      = {Dostępny online: \url{https://www.sep.wroc.pl/} (dostęp: 04-04-2021)}
}

@phdthesis{poz6,
  author    = {Nazwisko I.},
  title     = {Tytuł pracy dyplomowej},
  type      = {Poziom pracy},
  school    = {Uczelnia Nadająca Tytuł},
  address   = {Miasto, Kraj},
  year      = {Data złożenia pracy}
}
